@MISC{pgas:forum,
	AUTHOR = "{PGAS Forum}",
	TITLE = "{PGAS Forum}",
        howpublished = "\url{http://www.pgas.org/}"
}

@MANUAL{sgi:manpages,
	AUTHOR = "{SGI, Inc.}",
	TITLE = "{SHMEM API Man Pages}",
	howpublished = "\url{http://docs.sgi.com/}"
}

@ARTICLE{mpi:standard,
	TITLE = "{A Message Passing Interface standard}",
	JOURNAL = {International Journal of Supercomputer},
	VOLUME = {8},
	NUMBER = {3/4},
	PAGES = {159-416},
	MONTH = "June",
	YEAR = {1994}
}

@MANUAL{Cray:UnicosMP,
	AUTHOR = "{Cray, Inc.}",
	TITLE = "{Man Page Collection (Unicos MP): Shared Memory Access SHMEM}",
	PUBLISHER = "{Cray, Inc.}"
}

@MANUAL{Cray:UnicosLC,
	AUTHOR = "{Cray, Inc.}",
	TITLE = "{Man Page Collection (Unicos LC): Shared Memory Access SHMEM}",
	PUBLISHER = "{Cray, Inc.}"
}

@MANUAL{Quadrics:Shmem,
	AUTHOR = "{Quadrics, Ltd.}",
	TITLE = "{The SHMEM Programming Manual}"
}	

@ARTICLE{mpi2:standard,
	TITLE = "{Message Passing Interface Forum: MPI2: A message passing interface standard}",
	JOURNAL = {High Performance Computing Applications},
	VOLUME = {12},
	NUMBER = {1-2},
	PAGES = {1-299},
	YEAR = {1998}
}

@BOOK{Quadrics:QsNet,
	AUTHOR = "{Quadrics, Ltd.}",
	TITLE = "{User Manual - Running Parallel Programs with RMS and QsNet}"
}

@techreport{gasnet,
	author = "Dan Bonachea",
	title = "{GASNet specification, v1.1}",
	institution = "Computer Science Department, University of California, Berkeley",
	year = "2002"
}

@techreport{chapel,
	author = "{Cray, Inc.}",
	title = "{Chapel Language Specification}",
	institution = "{Cray, Inc.}",
	year = "2010"
}

@techreport{cray:t3dtechsummary,
	author = "{Cray, Inc.}",
	title = "{Cray T3D Technical Summary}",
	institution = "{Cray, Inc.}",
	year = "1993"
}

@article{armci,
	author = "J. Nieplocha and V. Tipparaju and M. Krishnan and D. Panda",
	title = "{High Performance Remote Memory Access Comunications: The ARMCI Approach}",
	journal = "International Journal of High Performance Computing and Applications",
	volume = "20(2)",
	pages = "233-253",
	year = "2006"
}

@MANUAL{cray:t3d,
	AUTHOR = "{Cray, Inc.}",
	TITLE = "{CRAY T3D System Architecture Overview Manual}"
}

@MANUAL{quadrics:hp,
	AUTHOR = "{Quadrics, Ltd.}",
	TITLE = "{HP AlphaServer SC User Guide}"
}

@MANUAL{sicortex:shmem,
	AUTHOR = "{SiCortex}",
	TITLE = "{SiCortex System Programming Guide}"
}

@article{coarray,
	author = "R.W. Numrich and J.K. Reid",
	title = "{Co-Array Fortran for parallel programming}",
	journal = "Fortran Forum",
	volume = "17(2)",
	year = "1998"
}

@MANUAL{upc,
	AUTHOR = "{S\'{e}bastien Chauvin, Proshanta Saha, Fran\c{c}ois Cantonnet, Smita Annareddy, Tarek El-Ghazawi}",
	TITLE = "{UPC Manual}"
}

@misc{sgi_tut_000,
        title="{SHMEM: An Overview and Brief History}",
        year="2010 SC10 OpenSHMEM Birds of a Feather Session",
        author="Karl Feind"
}

@misc{mailman,
        title="{GNU MailMan: User Manual}",
        author="GNU",
        howpublished="\url{http://www.list.org/}"
}

@misc{gcc,
        title="{GNU Compiler Suite}",
        author="GNU",
        howpublished="\url{http://gcc.gnu.org/}"
}

@misc{intelcomp,
        title="{Intel Compiler Suite}",
        author="{Intel, Inc.}",
        howpublished="\url{http://software.intel.com/en-us/articles/intel-compilers/}"
}

@misc{tlsf,
        title="{Two Level Segregated Fit Memory Allocator}",
        author="Matthew Conte",
        howpublished="\url{http://tlsf.baisoku.org/}"
}

@misc{valgrind,
        title="{Valgrind Instrumentation Framework}",
        author="Julian Seward et al.",
        howpublished="\url{http://valgrind.org/}"
}

@misc{dlmalloc,
        title="{Doug Lea's Memory Allocator}",
        author="Doug Lea",
        howpublished="\url{http://g.oswego.edu/dl/html/malloc.html}"
}

@misc{c99,
        title="{C99 Language Standard}",
        author="ISO",
        howpublished="\url{http://en.wikipedia.org/wiki/C99}"
}

@article{Mellor-Crummey:1991:ASS:103727.103729,
 author = {Mellor-Crummey, John M. and Scott, Michael L.},
 title = {Algorithms for scalable synchronization on shared-memory multiprocessors},
 journal = {ACM Trans. Comput. Syst.},
 volume = {9},
 issue = {1},
 month = {February},
 year = {1991},
 issn = {0734-2071},
 pages = {21--65},
 numpages = {45},
 url = {http://doi.acm.org/10.1145/103727.103729},
 doi = {http://doi.acm.org/10.1145/103727.103729},
 acmid = {103729},
 publisher = {ACM},
 address = {New York, NY, USA},
} 

@misc{zpl,
        title="{The ZPL Programming Language}",
        author="University of Washington",
        howpublished="\url{http://www.cs.washington.edu/research/zpl/home/index.html}"
}

@misc{hpf,
        title="{The High Performance Fortran Programming Language}",
        author="Rice University",
        howpublished="\url{http://dacnet.rice.edu/}"
}

@misc{mvapich2-x,
        title="{MVAPICH2-X (Unified MPI+PGAS Communication Runtime over OpenFabrics/Gen2 for Exascale Systems)}",
        author="Ohio State University",
        howpublished="\url{http://mvapich.cse.ohio-state.edu/overview/mvapich2x/}"
}

@misc{ProPack,
        title="{ProPack Suite of Performance Optimization Libraries and Tools}",
        author="SGI",
        howpublished="\url{http://www.sgi.com/products/software/propack.html}"
}

@misc{ASLR,
        title="{Address Space Layout Randomization}",
        author="Wikpedia",
        howpublished="\url{http://en.wikipedia.org/wiki/Address_space_layout_randomization}"
}


@misc{Fortress,
        title="{The Fortress Language}",
        author="Oracle Inc.",
        howpublished="\url{https://java.net/projects/projectfortress/pages/Home}",
}

@misc{DARPA:HPCS,
        title="{DARPA High Productivity Computing Systems}",
        author="U.S. Gov.",
        howpublished="\url{http://www.darpa.mil/Our_Work/MTO/Programs/High_Productivity_Computing_Systems_%28HPCS%29.aspx}"
}

@misc{SPMD,
        title="{Single Program, Multiple Data}",
        author="Wikipedia",
        howpublished="\url{https://en.wikipedia.org/wiki/SPMD}"
}

@misc{NUMAlink,
        title="{NUMAlink System Interconnect}",
        author="SGI",
        howpublished="\url{https://en.wikipedia.org/wiki/NUMAlink}"
}

@misc{scalemp,
        title="{ScaleMP Virtualization}",
        author="ScaleMP",
        howpublished="\url{http://www.scalemp.com/}"
}

@misc{pkg-config,
        title="{pkg-config tool}",
        author="freedesktop.org",
        howpublished="\url{http://www.freedesktop.org/wiki/Software/pkg-config/}"
}
